@article{chan1999portfolio,
  title={On portfolio optimization: Forecasting covariances and choosing the risk model},
  author={Chan, Louis KC and Karceski, Jason and Lakonishok, Josef},
  journal={The review of Financial studies},
  volume={12},
  number={5},
  pages={937--974},
  year={1999},
  publisher={Oxford University Press}
}
@article{zakamulin2015test,
  title={A test of covariance-matrix forecasting methods},
  author={Zakamulin, Valeriy},
  journal={The Journal of Portfolio Management},
  volume={41},
  number={3},
  pages={97--108},
  year={2015},
  publisher={Portfolio Management Research}
}
@article{rockafellar2002deviation,
  title={Deviation measures in risk analysis and optimization},
  author={Rockafellar, R Tyrrell and Uryasev, Stanislav P and Zabarankin, Michael},
  journal={University of Florida, Department of Industrial \& Systems Engineering Working Paper},
  number={2002-7},
  year={2002}
}
@article{adam2008spectral,
  title={Spectral risk measures and portfolio selection},
  author={Adam, Alexandre and Houkari, Mohamed and Laurent, Jean-Paul},
  journal={Journal of Banking \& Finance},
  volume={32},
  number={9},
  pages={1870--1882},
  year={2008},
  publisher={Elsevier}
}
@article{gambrah2014risk,
  title={Risk measures and portfolio optimization},
  author={Gambrah, Priscilla Serwaa Nkyira and Pirvu, Traian Adrian},
  journal={Journal of Risk and Financial Management},
  volume={7},
  number={3},
  pages={113--129},
  year={2014},
  publisher={MDPI}
}
@article{ramos2023,
  title={A comparison of risk measures for portfolio optimization with cardinality constraints},
  author={Ramos, Henrique Pinto and Righi, Marcelo Brutti and Guedes, Pablo Cristini and M{\"u}ller, Fernanda Maria},
  journal={Expert Systems with Applications},
  pages={120412},
  year={2023},
  publisher={Elsevier}
}
@article{hoe2010,
  title={An empirical comparison of different risk measures in portfolio optimization},
  author={Hoe, Lam Weng and Hafizah, Jaaman Saiful and Zaidi, Isa and others},
  journal={Business and Economic Horizons},
  volume={1},
  number={1},
  pages={39--45},
  year={2010},
  publisher={Prague Development Center, Czech Republic}
}
@article{righi2018,
  title={A simulation comparison of risk measures for portfolio optimization},
  author={Righi, Marcelo Brutti and Borenstein, Denis},
  journal={Finance Research Letters},
  volume={24},
  pages={105--112},
  year={2018},
  publisher={Elsevier}
}
@article{rachev,
  title={Desirable properties of an ideal risk measure in portfolio theory},
  author={Rachev, Svetlozar and Ortobelli, Sergio and Stoyanov, Stoyan and Fabozzi, Frank J and Biglova, Almira},
  journal={International Journal of Theoretical and Applied Finance},
  volume={11},
  number={01},
  pages={19--54},
  year={2008},
  publisher={World Scientific}
}
@misc{best_risk_measure,
      title={What is the best risk measure in practice? A comparison of standard measures}, 
      author={Susanne Emmer and Marie Kratz and Dirk Tasche},
      year={2015},
      eprint={1312.1645},
      archivePrefix={arXiv},
      primaryClass={q-fin.RM}
}
@article{markowitz,
  title={Portfolio Selection},
  author={Markowitz, Harry},
  journal={The Journal of Finance},
  volume={7},
  number={1},
  pages={77-91},
  year={1952},
}
@book{morettin,
  title={Econometria financeira: um curso em s{\'e}ries temporais financeiras},
  author={Morettin, Pedro A},
  year={2017},
  publisher={Editora Blucher}
}
@thesis{luo,
  title={Stochastic Correlation and Portfolio Optimization by Multivariate Garch},
  author={Luo, Cuicui},
  year={2015},
  publisher={University of Toronto}
}
@article{procacci,
  title={Portfolio optimization with sparse multivariate modeling},
  author={Procacci, Pier Francesco and Aste, Tomaso},
  journal={Journal of Asset Management},
  volume={23},
  number={6},
  pages={445--465},
  year={2022},
  publisher={Springer}
}
@article{sereda,
  title={Distortion risk measures in portfolio optimization},
  author={Sereda, Ekaterina N and Bronshtein, Efim M and Rachev, Svetozar T and Fabozzi, Frank J and Sun, Wei and Stoyanov, Stoyan V},
  journal={Handbook of portfolio construction},
  pages={649--673},
  year={2010},
  publisher={Springer}
}
@mastersthesis{holten,
  title={Evaluation Dynamic Covariance Matrix Forecasting and Portfolio Optimization},
  author={Holten, Dag Martin and Sendstad, Lars Hegnes},
  institution={Nowergian School of Economics},
  year={2012},
}
@mastersthesis{weirum,
  title={Creating Optimal Portfolios of Stocks with Time-Varying Risk},
  author={Weirum, Jan Emil and Jensin, Christopher Elgaard},
  institution={Copenhagen Business School},
  year={2013},
}
@article{metin,
  title={Asset Allocation with Dynamic Conditional Correlations (DCC) Model},
  author={Ilbasmis, Metin},
  journal={Pamukkale University Journal of Social Sciences},
  pages={150--175},
  year={2022},
}
