@book{chatfield,
  title={The analysis of time series: an introduction with R},
  author={Chatfield, Chris and Xing, Haipeng}, year={2019},
  publisher={CRC press}
}
@book{box,
  title={Time series analysis: forecasting and control},
  author={Box, George EP and Jenkins, Gwilym M and Reinsel, Gregory C and Ljung, Greta M},
  year={2015},
  publisher={John Wiley \& Sons}
}
@book{tsay,
  title={Analysis of financial time series},
  author={Tsay, Ruey S},
  year={2005},
  publisher={John wiley \& sons}
}
@book{morettin,
  title={Econometria financeira: um curso em s{\'e}ries temporais financeiras},
  author={Morettin, Pedro A},
  year={2017},
  publisher={Editora Blucher}
}
@book{kissell,
  title={The science of algorithmic trading and portfolio management},
  author={Kissell, Robert L},
  year={2013},
  publisher={Academic Press}
}
@thesis{luo,
  title={Stochastic Correlation and Portfolio Optimization by Multivariate Garch},
  author={Luo, Cuicui},
  year={2015},
  publisher={University of Toronto}
}
@article{guastaroba,
  title={On the effectiveness of scenario generation techniques in single-period portfolio optimization},
  author={Guastaroba, Gianfranco and Mansini, Renata and Speranza, M Grazia},
  journal={European Journal of Operational Research},
  volume={192},
  number={2},
  pages={500--511},
  year={2009},
  publisher={Elsevier}
}
@book{chorro,
  title={A time series approach to option pricing},
  author={Chorro, Christophe and Gu{\'e}gan, Dominique and Ielpo, Florian and others},
  year={2015},
  publisher={Springer}
}
@article{procacci,
  title={Portfolio optimization with sparse multivariate modeling},
  author={Procacci, Pier Francesco and Aste, Tomaso},
  journal={Journal of Asset Management},
  volume={23},
  number={6},
  pages={445--465},
  year={2022},
  publisher={Springer}
}
